@inproceedings{freedman2004democratizing,
	title={Democratizing Content Publication with Coral.},
	author={Freedman, Michael J and Freudenthal, Eric and Mazieres, David},
	booktitle={NSDI},
	volume={4},
	pages={18--18},
	year={2004}
}

@article{wang2002effectiveness,
	title={The effectiveness of request redirection on CDN robustness},
	author={Wang, Limin and Pai, Vivek and Peterson, Larry},
	journal={ACM SIGOPS Operating Systems Review},
	volume={36},
	number={SI},
	pages={345--360},
	year={2002},
	publisher={ACM}
}

@inproceedings{adelsbach2005towards,
	title={Towards multilateral secure digital rights distribution infrastructures},
	author={Adelsbach, Andr{\'e} and Rohe, Markus and Sadeghi, Ahmad-Reza},
	booktitle={Proceedings of the 5th ACM workshop on Digital rights management},
	pages={45--54},
	year={2005},
	organization={ACM}
}

@inproceedings{bayardo2005merkle,
	title={Merkle tree authentication of HTTP responses},
	author={Bayardo, Roberto J and Sorensen, Jeffrey},
	booktitle={Special interest tracks and posters of the 14th international conference on World Wide Web},
	pages={1182--1183},
	year={2005},
	organization={ACM}
}

@inproceedings{chi2002xml,
	title={An XML-based data integrity service model for web intermediaries},
	author={Chi, Chi-Hung and Wu, Yin},
	booktitle={Proc. 7th IWCW},
	year={2002}
}

@inproceedings{orman2001data,
	title={Data integrity for mildly active content},
	author={Orman, Hilarie K},
	booktitle={Active Middleware Services, 2001. Third Annual International Workshop on},
	pages={73--77},
	year={2001},
	organization={IEEE}
}

@inproceedings{maniatis2003preserving,
	title={Preserving peer replicas by rate-limited sampled voting},
	author={Maniatis, Petros and Rosenthal, David SH and Roussopoulos, Mema and Baker, Mary and Giuli, Thomas J and Muliadi, Yanto},
	booktitle={ACM SIGOPS Operating Systems Review},
	volume={37},
	number={5},
	pages={44--59},
	year={2003},
	organization={ACM}
}

@inproceedings{qin2005rx,
	title={Rx: treating bugs as allergies---a safe method to survive software failures},
	author={Qin, Feng and Tucek, Joseph and Sundaresan, Jagadeesan and Zhou, Yuanyuan},
	booktitle={Acm sigops operating systems review},
	volume={39},
	number={5},
	pages={235--248},
	year={2005},
	organization={ACM}
}

@inproceedings{costa2005vigilante,
	title={Vigilante: End-to-end containment of internet worms},
	author={Costa, Manuel and Crowcroft, Jon and Castro, Miguel and Rowstron, Antony and Zhou, Lidong and Zhang, Lintao and Barham, Paul},
	booktitle={ACM SIGOPS Operating Systems Review},
	volume={39},
	number={5},
	pages={133--147},
	year={2005},
	organization={ACM}
}


@inproceedings{seshadri2005pioneer,
	title={Pioneer: verifying code integrity and enforcing untampered code execution on legacy systems},
	author={Seshadri, Arvind and Luk, Mark and Shi, Elaine and Perrig, Adrian and van Doorn, Leendert and Khosla, Pradeep},
	booktitle={ACM SIGOPS Operating Systems Review},
	volume={39},
	number={5},
	pages={1--16},
	year={2005},
	organization={ACM}
}

@inproceedings{michalakis2007ensuring,
	title={Ensuring content integrity for untrusted peer-to-peer content distribution networks},
	author={Michalakis, Nikolaos and Soul{\'e}, Robert and Grimm, Robert},
	booktitle={Proceedings of the 4th USENIX conference on Networked systems design \& implementation},
	pages={11--11},
	year={2007},
	organization={USENIX Association}
}

@article{nakamoto2008bitcoin,
	title={Bitcoin: A peer-to-peer electronic cash system},
	author={Nakamoto, Satoshi},
	year={2008}
}